@article{Cha2009,
    author        = {Robert N. Charette},
    title         = {This car runs on code},
    journaltitle  = {IEEE Specturm},
    year          = {2009},
    volume        = {7649}
}


@online{Mil2015,
    author        = {Charlie Miller and Chris Valasek},
    title         = {Remote exploitation of an unaltered passenger vehicle},
    year          = {2015},
    url           = {http://www-cs-faculty.stanford.edu/~uno/abcde.html}
}


@online{AUTOSAR,
    author        = {AUTOSAR},
    title         = {Platform solutions},
    year          = {2003},
    url           = {http://www.autosar.org/standards}
}

@online{AUTOSAR_archi,
    author        = {AUTOSAR},
    title         = {Layered Software Architecture},
    year          = {2020},
    url           = {https://www.autosar.org/fileadmin/user_upload/standards/classic/20-11/AUTOSAR_EXP_LayeredSoftwareArchitecture.pdf}
}
