@article{Cha09,
    author        = {Robert N. Charette},
    title         = {This car runs on code},
    journaltitle  = {IEEE Specturm},
    year          = {2009},
    volume        = {7649}
}

@online{knuthwebsite,
    author        = {Donald Knuth},
    title         = {Knuth: Computers and Typesetting},
    year          = {1984},
    url           = {http://www-cs-faculty.stanford.edu/~uno/abcde.html}
}

@book{latexcompanion,
    author        = {Michel Goossens and Frank Mittelbach and Alexander Samarin},
    title         = {The \LaTeX\ Companion},
    year          = {1993},
    publisher     = {Addison-Wesley},
    location      = {Reading, Massachusetts}
}

